@book{HopUll79,
  title = {Introduction to Automata Theory, Languages, and Computation},
  author = {Hopcroft, John E. and Ullman, Jeffrey D.},
  date = {1979},
  publisher = {Addison-Wesley},
  url = {http://infolab.stanford.edu/~ullman/ialc.html},
  isbn = {978-0-201-02988-8}
}

@article{RabSco59,
  title = {Finite Automata and Their Decision Problems},
  author = {Rabin, Michael O. and Scott, Dana},
  date = {1959},
  journaltitle = {IBM Journal of Research and Development},
  volume = {3},
  number = {2},
  pages = {114--125},
  doi = {10.1147/rd.32.0114}
}
